<record><leader>00000cas a22000007a 4500</leader><controlfield tag="001">24159211</controlfield><controlfield tag="008">910731d18731877nyuwr ne      0    0eng d</controlfield><datafield ind1=" " ind2=" " tag="010"><subfield code="a">sn 91066374 </subfield></datafield><datafield ind1=" " ind2=" " tag="040"><subfield code="a">NYS</subfield><subfield code="b">eng</subfield><subfield code="c">NYS</subfield><subfield code="d">OCLCQ</subfield></datafield><datafield ind1=" " ind2=" " tag="042"><subfield code="a">msc</subfield></datafield><datafield ind1="0" ind2="0" tag="245"><subfield code="a">Nioga reporter.</subfield></datafield><datafield ind1=" " ind2=" " tag="260"><subfield code="a">Whitney's Point, Broome Co., N.Y. :</subfield><subfield code="b">Milo B. Eldredge</subfield></datafield><datafield ind1=" " ind2=" " tag="300"><subfield code="a">v.</subfield></datafield><datafield ind1=" " ind2=" " tag="310"><subfield code="a">Weekly</subfield></datafield><datafield ind1="1" ind2=" " tag="362"><subfield code="a">Began Oct. 1, 1873? Ceased in 1877?</subfield></datafield><datafield ind1=" " ind2=" " tag="500"><subfield code="a">Whitney's Point, N.Y. became known as Whitney Point, N.Y. in 1943.</subfield></datafield><datafield ind1=" " ind2=" " tag="588"><subfield code="a">Description based on: Vol. 1, no. 6 (Nov. 15, 1873).</subfield></datafield><datafield ind1=" " ind2="4" tag="651"><subfield code="a">Whitney Point (N.Y.)</subfield><subfield code="v">Newspapers.</subfield></datafield><datafield ind1=" " ind2=" " tag="752"><subfield code="a">United States</subfield><subfield code="b">New York</subfield><subfield code="c">Broome</subfield><subfield code="d">Whitney Point.</subfield></datafield><datafield ind1="0" ind2="0" tag="785"><subfield code="t">Whitney's Point reporter</subfield><subfield code="w">(DLC)sn 85038678</subfield></datafield><datafield ind1="1" ind2=" " tag="029"><subfield code="a">AU@</subfield><subfield code="b">000025907472</subfield></datafield></record>